<?xml version="1.0" encoding="UTF-8"?><record xmlns="http://www.loc.gov/MARC21/slim" xmlns:cinclude="http://apache.org/cocoon/include/1.0" xmlns:zs="http://www.loc.gov/zing/srw/">
  <leader>00405cz  a2200145n  4500</leader>
  <controlfield tag="001">no2011052209</controlfield>
  <controlfield tag="003">DLC</controlfield>
  <controlfield tag="005">20110407075255.0</controlfield>
  <controlfield tag="008">110401n| acannaabn          |a aaa     c</controlfield>
  <datafield tag="010" ind1=" " ind2=" ">
    <subfield code="a">no2011052209</subfield>
  </datafield>
  <datafield tag="035" ind1=" " ind2=" ">
    <subfield code="a">(OCoLC)oca08816635</subfield>
  </datafield>
  <datafield tag="040" ind1=" " ind2=" ">
    <subfield code="a">TxSmTSU</subfield>
    <subfield code="b">eng</subfield>
    <subfield code="c">TxSmTSU</subfield>
    <subfield code="d">TxSmTSU</subfield>
  </datafield>
  <datafield tag="100" ind1="1" ind2=" ">
    <subfield code="a">Smith, Winnie Rogers</subfield>
  </datafield>
  <datafield tag="400" ind1="1" ind2=" ">
    <subfield code="a">Rogers Smith, Winnie</subfield>
  </datafield>
  <datafield tag="670" ind1=" " ind2=" ">
    <subfield code="a">Drama after school, c2000:</subfield>
    <subfield code="b">t.p. (Winnie Rogers Smith)</subfield>
  </datafield>
</record>